@article{belady1966study,
  title={A study of replacement algorithms for a virtual-storage computer},
  author={Belady, Laszlo A.},
  journal={IBM Systems journal},
  volume={5},
  number={2},
  pages={78--101},
  year={1966},
  publisher={IBM}
}
