
@article{jaleel_memory_2010,
	title = {Memory characterization of workloads using instrumentation-driven simulation},
	journal = {Web Copy: http://www. glue. umd. edu/ajaleel/workload},
	author = {Jaleel, Aamer},
	year = {2010},
	file = {SPECanalysis.pdf:/home/oryxfea/.zotero/zotero/6f7ucgr9.default/zotero/storage/2VAVTTVX/SPECanalysis.pdf:application/pdf}
}