
@article{spec2006benchmark,
  title={{SPEC} {CPU}2006},
  journal={http://www.spec.org/cpu2006},
}
