
@techreport{stearley_rmpi_2011,
	title = {Rmpi: {Increasing} {Fault} {Resiliency} in a {Message}-{Passing} {Environment}.},
	shorttitle = {Rmpi},
	url = {http://www.osti.gov/scitech/biblio/1012733},
	language = {English},
	number = {SAND2011-2488},
	urldate = {2015-11-15},
	institution = {Sandia National Laboratories},
	author = {Stearley, Jon R. and Laros, James H. and Ferreira, Kurt Brian and Pedretti, Kevin Thomas Tauke and Oldfield, Ron A. and Riesen, Rolf (IBM Research and Brightwell, Ronald Brian},
	month = apr,
	year = {2011},
	keywords = {and information science, computers, computing, design, general and miscellaneous//mathematics, reliability, replicas, tolerance}
}
