
@article{stevens_integrated_2013,
	title = {An {Integrated} {Simulation} {Infrastructure} for the {Entire} {Memory} {Hierarchy}: {Cache}, {DRAM}, {Nonvolatile} {Memory}, and {Disk}},
	volume = {17},
	number = {1},
	journal = {Intel Technology Journal},
	author = {Stevens, Jim and Tschirhart, Paul and Chang, Mu-Tien and Bhati, Ishwar and Enns, Peter and Greensky, James and Chisti, Zeshan and Lu, SL and Jacob, B},
	year = {2013},
	keywords = {Skim},
	pages = {184--200},
	file = {itj2013.pdf:/home/oryxfea/.zotero/zotero/6f7ucgr9.default/zotero/storage/I7GDXW2R/itj2013.pdf:application/pdf}
}